@article{tibben2006real,
  title={Real options: applications to logistics and transportation},
  author={Tibben-Lembke, Ronald S and Rogers, Dale S},
  journal={International Journal of Physical Distribution \& Logistics Management},
  volume={36},
  number={4},
  pages={252--270},
  year={2006},
  publisher={Emerald Group Publishing Limited}
}

@book{lowenstein2001genius,
  title={When Genius Failed: The Rise and Fall of Long-Term Capital Management},
  author={Lowenstein, R.},
  isbn={9780375506444},
  url={http://books.google.com/books?id=Ihb49tvCYqEC},
  year={2001},
  publisher={Random House Publishing Group}
}

@misc{gladwell,
  title = {{MS Windows NT} Blowing Up},
  author = {Malcolm Gladwell},
  howpublished = {\url{http://gladwell.com/blowing-up/}},
  note = {Accessed: 2014-04-11}
}

@misc{twitter,
  title = {{MS Windows NT} Nassim N. Taleb (nntaleb)},
  author = {Nassim N. Taleb},
  howpublished = {\url{https://twitter.com/nntaleb}},
  note = {Accessed: 2014-04-11}
}

@misc{22sigmas,
  title = {{MS Windows NT} A Bad Day on Wall Street - Black Monday},
  author = {Nimit Jalan, Nikhil Mirani},
  howpublished = {\url{http://nimit-jalan-nikhil-mirani.blogspot.com/2012/03/bad-day-on-wall-street-black-monday.html}},
  note = {Accessed: 2014-04-11}
}

 @Manual{Rlang,
    title = {R: A Language and Environment for Statistical Computing},
    author = {{R Core Team}},
    organization = {R Foundation for Statistical Computing},
    address = {Vienna, Austria},
    year = {2014},
    url = {http://www.R-project.org/},
  }

  @Manual{e1071,
    title = {e1071: Misc Functions of the Department of Statistics (e1071), TU Wien},
    author = {David Meyer and Evgenia Dimitriadou and Kurt Hornik and Andreas Weingessel and Friedrich Leisch},
    year = {2012},
    note = {R package version 1.6-1},
    url = {http://CRAN.R-project.org/package=e1071},
  }

  @Book{ggplot2,
    author = {Hadley Wickham},
    title = {ggplot2: elegant graphics for data analysis},
    publisher = {Springer New York},
    year = {2009},
    isbn = {978-0-387-98140-6},
    url = {http://had.co.nz/ggplot2/book},
  }

  @incollection{fu2007variance,
  title={Variance-gamma and monte carlo},
  author={Fu, Michael C},
  booktitle={Advances in Mathematical Finance},
  pages={21--34},
  year={2007},
  publisher={Springer}
}

@article{ngmbs,
  title={Non-Gaussian Merton-Black-Scholes theory. Advanced Series on Statistical Science \& Applied Probability, 9},
  author={Boyarchenko, SI and Levendorskii, Sergei Z},
  journal={World Scientific, Singapore Boyarchenko SI, LevendorskiË‡{\i} SZ (2002) Perpetual American options under L{\'e}vy processes. SIAM Journal on Control and Optimization},
  volume={40},
  number={6},
  pages={1663--1696},
  year={2002}
}

@misc{yahoofinance,
  title = {{MS Windows NT} Yahoo! Finance},
  author = {Yahoo!},
  howpublished = {\url{http://finance.yahoo.com}},
  note = {Accessed: 2014-04-14}
}
